<collection xmlns="http://www.loc.gov/MARC21/slim">
<record>
  <leader>00988nam0a2200229 i 450 </leader>
  <controlfield tag="001">IT\ICCU\CNCE\023731</controlfield>
  <controlfield tag="005">20120320000000.0</controlfield>
  <datafield tag="012" ind1=" " ind2=" ">
    <subfield code="a">l&apos;vi n.s, daSi R.V. (3) 1589 (R)</subfield>
    <subfield code="2">fei</subfield>
  </datafield>
  <datafield tag="100" ind1=" " ind2=" ">
    <subfield code="a">19970715d1589        0itac0103    ba</subfield>
  </datafield>
  <datafield tag="101" ind1=" " ind2=" ">
    <subfield code="a">ITA</subfield>
    <subfield code="a">LAT</subfield>
  </datafield>
  <datafield tag="102" ind1=" " ind2=" ">
    <subfield code="a">IT</subfield>
  </datafield>
  <datafield tag="200" ind1="1" ind2=" ">
    <subfield code="a">Ceremonie e preci delle monache del Monasterio di santo Andrea di Napoli, dell&apos;Ordine eremitano di santo Agostino</subfield>
  </datafield>
  <datafield tag="210" ind1=" " ind2=" ">
    <subfield code="a">In Napoli</subfield>
    <subfield code="c">appresso Gio. Battista Cappelli</subfield>
    <subfield code="d">1589</subfield>
  </datafield>
  <datafield tag="215" ind1=" " ind2=" ">
    <subfield code="a">48 p.</subfield>
    <subfield code="d">8ʻ</subfield>
  </datafield>
  <datafield tag="620" ind1=" " ind2=" ">
    <subfield code="a">IT</subfield>
    <subfield code="d">Napoli</subfield>
  </datafield>
  <datafield tag="710" ind1="0" ind2="2">
    <subfield code="a">Monastero di S. Andrea</subfield>
    <subfield code="c"> &lt;Napoli&gt;</subfield>
    <subfield code="3">6879</subfield>
  </datafield>
  <datafield tag="712" ind1="0" ind2="0">
    <subfield code="a">Cappelli, Giovanni Battista</subfield>
    <subfield code="3">IT\ICCU\CNCT\000479</subfield>
    <subfield code="4">650</subfield>
  </datafield>
  <datafield tag="791" ind1="0" ind2="0">
    <subfield code="a">Capello, Battista</subfield>
    <subfield code="3">IT\ICCU\CNCT\004438</subfield>
    <subfield code="z">Cappelli, Giovanni Battista</subfield>
  </datafield>
  <datafield tag="791" ind1="0" ind2="0">
    <subfield code="a">Cappelo, Battista</subfield>
    <subfield code="3">IT\ICCU\CNCT\004439</subfield>
    <subfield code="z">Cappelli, Giovanni Battista</subfield>
  </datafield>
  <datafield tag="791" ind1="0" ind2="0">
    <subfield code="a">Cappellus, Io. Baptista</subfield>
    <subfield code="3">IT\ICCU\CNCT\004450</subfield>
    <subfield code="z">Cappelli, Giovanni Battista</subfield>
  </datafield>
  <datafield tag="801" ind1=" " ind2="3">
    <subfield code="a">IT</subfield>
    <subfield code="b">ICCU</subfield>
    <subfield code="c">20201114</subfield>
  </datafield>
  <datafield tag="899" ind1=" " ind2=" ">
    <subfield code="a">Biblioteca nazionale Vittorio Emanuele III. Napoli</subfield>
    <subfield code="1">NA0079</subfield>
    <subfield code="2">NAP BN</subfield>
  </datafield>
</record>
</collection>
